@article{RODRIGUES2010,
author = {Rodrigues, Adriano and Chaves, Lucas Monteiro and Silva, Fabyano Fonseca and Zeviani, Walmes Marques},
file = {:home/walmes/.local/share/data/Mendeley Ltd./Mendeley Desktop/Downloaded/RODRIGUES et al. - 2010 - Utiliza\c{c}\~{a}o da regress\~{a}o isot\^{o}nica em estudos de curvas de crescimento.pdf:pdf},
journal = {Revista Brasileira de Biometria},
keywords = {Modelos log\'{\i}stico,Von Bertalanffy e Gompertz,isotoniza\c{c}\~{a}o,transforma\c{c}\~{a}o de dados},
number = {4},
pages = {85--101},
title = {{Utiliza\c{c}\~{a}o da regress\~{a}o isot\^{o}nica em estudos de curvas de crescimento}},
url = {http://www.fcav.unesp.br/RME/fasciculos/v28/v28\_n4/A6\_Adriano.pdf},
volume = {28},
year = {2010}
}
@article{Bonat2011,
abstract = {O s desempenhos dos modelos geoestat\&iacute;stico e aditivo generalizado com thin plate splines para a reconstitui\&ccedil;\&atilde;o de superf\&iacute;cies cont\&iacute;nuas gaussianas s\&atilde;o comparados atrav\&eacute;s de um estudo de simula\&ccedil;\&atilde;o. O procedimento proposto para a compara\&ccedil;\&atilde;o leva em considera\&ccedil;\&atilde;o fatores sobre o processo gerador da superf\&iacute;cie, variabilidade e suavidade, bem como, para o processo de estima\&ccedil;\&atilde;o, o tamanho da amostra. Os resultados mostraram que o modelo geoestat\&iacute;stico apresentou resultados superiores aos do thin plate splines , nas medidas de adequa\&ccedil;\&atilde;o de predi\&ccedil;\&atilde;o utilizadas, erro quadr\&aacute;tico m\&eacute;dio de predi\&ccedil;\&atilde;o e n\&iacute;vel de cobertura. Os resultados indicaram que a predi\&ccedil;\&atilde;o por thin plate splines foi razo\&aacute;vel apenas como an\&aacute;lise inicial, ou quando n\&atilde;o se est\&aacute; interessado na medida de incerteza das predi\&ccedil;\&otilde;es espaciais. \&nbsp; Palavras-chave : G eoestat\&iacute;stica, modelos aditivos generalizados, predi\&ccedil;\&atilde;o espacial. \&nbsp; \&nbsp; \&nbsp; COMPARING PREDICTIONS BY GEOSTATISTICAL AND GENERALIZED ADDITIVE MODELS FOR RECONSTRUCTING GAUSSIAN SPATIALLY CONTINUOUS SURFACES \&nbsp; SUMMARY: The performance of geostatistic and generalized additive models with thin plate splines in the reconstruction of spatially continuous surfaces is assessed by a simulation study. The comparison accounts for different factors affecting the generating process, variability and smoothness as well as the sample size for the estimation procedure. The geostatistic model has clearly a better performance compared to the thin plate splines for the assessment measures, mean square error and coverage level. The results indicates that the generalized additive model with thin plate splines is suitable for an initial exploratory analysis or when there is no interest in the uncertainty about the spatial predictions. \&nbsp; Keywords: Geostatistics, generalized additive models, spatial prediction.},
author = {Bonat, Wagner Hugo and Junior, Paulo Justiniano Ribeiro and Zeviani, Walmes Marques},
file = {:home/walmes/.local/share/data/Mendeley Ltd./Mendeley Desktop/Downloaded/Bonat, Junior, Zeviani - 2011 - Comparando predi\c{c}\~{o}es por modelos geoestat\'{\i}stico e aditivo generalizado para reconstitui\c{c}\~{a}o de sup.pdf:pdf},
issn = {1808-8759},
journal = {Energia na Agricultura},
language = {pt},
month = apr,
number = {2},
pages = {119--128},
title = {{Comparando predi\c{c}\~{o}es por modelos geoestat\'{\i}stico e aditivo generalizado para reconstitui\c{c}\~{a}o de superf\'{\i}cies cont\'{\i}nuas gaussianas}},
url = {http://200.145.140.50/index.php/energia/article/view/214},
volume = {26},
year = {2011}
}
@article{Carducci2011,
author = {Carducci, Carla Eloize and Oliveira, Geraldo C\'{e}sar and Severiano, Eduardo Costa and Zeviani, Walmes Marques},
doi = {10.1590/S0100-06832011000100007},
file = {:home/walmes/.local/share/data/Mendeley Ltd./Mendeley Desktop/Downloaded/Carducci et al. - 2011 - Modelagem da curva de reten\c{c}\~{a}o de \'{a}gua de Latossolos utilizando a equa\c{c}\~{a}o duplo van Genuchten.pdf:pdf},
issn = {0100-0683},
journal = {Revista Brasileira de Ci\^{e}ncia do Solo},
month = feb,
number = {1},
pages = {77--86},
title = {{Modelagem da curva de reten\c{c}\~{a}o de \'{a}gua de Latossolos utilizando a equa\c{c}\~{a}o duplo van Genuchten.}},
url = {http://www.scielo.br/scielo.php?script=sci\_arttext\&pid=S0100-06832011000100007\&lng=en\&nrm=iso\&tlng=pt},
volume = {35},
year = {2011}
}
@article{Carneiro2011,
author = {Carneiro, FF and Zeviani, WM},
doi = {10.1590/S1984-70332011000400010},
file = {:home/walmes/.local/share/data/Mendeley Ltd./Mendeley Desktop/Downloaded/Carneiro, Zeviani - 2011 - Minimum number of common bean plants per plot to assess field resistance to white mold.pdf:pdf},
issn = {1984-7033},
journal = {Crop Breeding and Applied Biotechnology},
month = dec,
number = {4},
pages = {358--364},
title = {{Minimum number of common bean plants per plot to assess field resistance to white mold}},
url = {http://www.scielo.br/scielo.php?script=sci\_arttext\&pid=S1984-70332011000400010\&lng=en\&nrm=iso\&tlng=en http://www.scielo.br/scielo.php?pid=S1984-70332011000400010\&script=sci\_arttext},
volume = {11},
year = {2011}
}
@article{Clemente2011,
author = {Clemente, Aline da Consola\c{c}\~{a}o Sampaio and de Carvalho, Maria Laene Moreira and Guimar\~{a}es, Renato Mendes and Zeviani, Walmes Marques},
doi = {10.1590/S0101-31222011000100004},
file = {:home/walmes/.local/share/data/Mendeley Ltd./Mendeley Desktop/Downloaded/Clemente et al. - 2011 - Preparo das sementes de caf\'{e} para avalia\c{c}\~{a}o da viabilidade pelo teste de tetraz\'{o}lio.pdf:pdf},
issn = {0101-3122},
journal = {Revista Brasileira de Sementes},
number = {1},
pages = {38--44},
title = {{Preparo das sementes de caf\'{e} para avalia\c{c}\~{a}o da viabilidade pelo teste de tetraz\'{o}lio}},
url = {http://www.scielo.br/scielo.php?script=sci\_arttext\&pid=S0101-31222011000100004\&lng=en\&nrm=iso\&tlng=pt},
volume = {33},
year = {2011}
}
@article{Barbosa2012,
author = {Barbosa, Carlos Enrique da Trindade and Silva, Carolina Teixeira Costa and Cantarelli, Vin\'{\i}cius de Souza and Zangeronimo, M\'{a}rcio Gilberto and de Sousa, Raimundo Vicente and Garbossa, Cesar Augusto Pospissil and Amaral, N\'{\i}kolas de Oliveira and Zeviani, Walmes Marques},
doi = {10.1590/S1516-35982012000500014},
file = {:home/walmes/.local/share/data/Mendeley Ltd./Mendeley Desktop/Downloaded/Barbosa et al. - 2012 - Ractopamine in diets for finishing pigs of different sexual categories.pdf:pdf},
issn = {1806-9290},
journal = {Revista Brasileira de Zootecnia},
month = may,
number = {5},
pages = {1173--1179},
title = {{Ractopamine in diets for finishing pigs of different sexual categories}},
url = {http://www.scielo.br/scielo.php?script=sci\_arttext\&pid=S1516-35982012000500014\&lng=en\&nrm=iso\&tlng=en},
volume = {41},
year = {2012}
}
@article{Bonat2012,
author = {Bonat, Wagner Hugo and {Ribeiro Jr}, Paulo Justiniano and Zeviani, Walmes Marques},
file = {:home/walmes/.local/share/data/Mendeley Ltd./Mendeley Desktop/Downloaded/Bonat, Ribeiro Jr, Zeviani - 2012 - Regression models with responses on the unity interval specification, estimation and comparison.pdf:pdf},
journal = {Revista Brasileira de Biometria},
number = {4},
pages = {415--431},
title = {{Regression models with responses on the unity interval: specification, estimation and comparison}},
volume = {30},
year = {2012}
}
@article{Bruhn2012,
author = {Bruhn, FRP and Lopes, MA and Perazza, CA and Demeu, FA and Santos, G and Neto, AF and Zeviani, Walmes Marques and Guimar\~{a}es, AM},
file = {:home/walmes/.local/share/data/Mendeley Ltd./Mendeley Desktop/Downloaded/Bruhn et al. - 2012 - Efici\^{e}ncia t\'{e}cnica e econ\^{o}mica da aplica\c{c}\~{a}o de diferentes anti-helm\'{\i}nticos em f\^{e}meas da ra\c{c}a holandesa na.pdf:pdf},
journal = {Acta Tecnol\'{o}gica},
number = {2},
pages = {25--30},
title = {{Efici\^{e}ncia t\'{e}cnica e econ\^{o}mica da aplica\c{c}\~{a}o de diferentes anti-helm\'{\i}nticos em f\^{e}meas da ra\c{c}a holandesa na fase de recria durante o outono-inverno de 2009}},
url = {http://portaldeperiodicos.ifma.edu.br/index.php/actatecnologica/article/view/138},
volume = {7},
year = {2012}
}
@incollection{Carducci2012,
author = {Carducci, Carla Eloize and de Oliveira, Geraldo C\'{e}sar and Curi, Nilton and Severiano, Eduardo da Costa and Zeviani, Walmes Marques},
booktitle = {Clay Minerals in Nature - Their Characterization, Modification and Application},
chapter = {8},
doi = {http://dx.doi.org/10.5772/47785},
editor = {Vala\v{s}kova, Marta and Martynkova, Gra\v{z}yna Simha},
file = {:home/walmes/.local/share/data/Mendeley Ltd./Mendeley Desktop/Downloaded/Carducci et al. - 2012 - Relations of Clay Fraction Mineralogy, Structure and Water Retention in Oxidic Latosols (Oxisols) from the Braz.pdf:pdf},
isbn = {978-953-51-0738-5},
issn = {978-953-51-0738-5},
language = {en},
month = sep,
pages = {149--170},
publisher = {InTech},
title = {{Relations of Clay Fraction Mineralogy, Structure and Water Retention in Oxidic Latosols (Oxisols) from the Brazilian Cerrado Biome}},
url = {http://intechopen.com/books/clay-minerals-in-nature-their-characterization-modification-and-application/water-retention-in-oxidic-latosols-from-the-brazilian-cerrado-region},
year = {2012}
}
@article{Hoyos2012,
author = {Hoyos, Juli\'{a}n Mauricio \'{A}gredo and Alves, Eduardo and Rozwalka, Luciane Cristina and de Souza, Elaine Aparecida and Zeviani, Walmes Marques},
doi = {10.1590/S1413-70542012000300002},
file = {:home/walmes/.local/share/data/Mendeley Ltd./Mendeley Desktop/Downloaded/Hoyos et al. - 2012 - Antifungal activity and ultrastructural alterations in Pseudocercospora griseola treated with essential oils.pdf:pdf},
issn = {1413-7054},
journal = {Ci\^{e}ncia e Agrotecnologia},
month = jun,
number = {3},
pages = {270--284},
title = {{Antifungal activity and ultrastructural alterations in Pseudocercospora griseola treated with essential oils}},
url = {http://www.scielo.br/scielo.php?script=sci\_arttext\&pid=S1413-70542012000300002\&lng=en\&nrm=iso\&tlng=en},
volume = {36},
year = {2012}
}
@article{Machado2012,
abstract = {A alta incid\^{e}ncia de radia\c{c}\~{a}o solar sobre a cobertura das instala\c{c}\~{o}es av\'{\i}colas \'{e} um dos principais fatores que causam estresse t\'{e}rmico nos animais. Desta maneira, objetivou-se, com o presente trabalho, dimensionar e avaliar um sistema de resfriamento da cobertura de galp\~{o}es comerciais para cria\c{c}\~{a}o de frangos de corte, com vista ao uso de \'{a}gua de chuva, no munic\'{\i}pio de Rio Verde (GO). Durante o dimensionamento do sistema, foi considerado o resfriamento da cobertura a partir da aspers\~{a}o de \'{a}gua armazenada durante o per\'{\i}odo chuvoso, sendo denominado de Sistema de Resfriamento de Cobertura Sustent\'{a}vel (SRCS). Para avalia\c{c}\~{a}o do sistema SRCS, foram utilizados seis galp\~{o}es comerciais, os quais foram climatizados com ventila\c{c}\~{a}o for\c{c}ada em modo t\'{u}nel (press\~{a}o negativa) e sistema de resfriamento por nebuliza\c{c}\~{a}o interna. Em tr\^{e}s destes galp\~{o}es foi implementado o resfriamento adicional da cobertura (SRCS) e nas tr\^{e}s instala\c{c}\~{o}es restantes foi utilizado apenas o sistema convencional de climatiza\c{c}\~{a}o (SCC) especificado anteriormente. Durante o per\'{\i}odo compreendido entre o 21º e o 42º dia de vidas das aves, foram quantificados tr\^{e}s \'{\i}ndices de conforto t\'{e}rmico (\'{\i}ndice de temperatura de globo negro e umidade, carga t\'{e}rmica de radia\c{c}\~{a}o e entalpia espec\'{\i}fica do ar) e a mortalidade dos animais. Os resultados indicaram que o resfriamento adicional da cobertura reduziu, significativamente, a mortalidade das aves na \'{u}ltima semana de vida, fato que foi considerado como uma das maiores vantagens do sistema. Com os resultados obtidos foi ajustado os par\^{a}metros de um modelo estat\'{\i}stico exponencial que permite estimar a mortalidade dos animais a partir do 21° dia de vida, para os sistemas SRCS e SCC, em fun\c{c}\~{a}o da idade das aves e entalpia espec\'{\i}fica do ar.},
author = {Machado, Neiton Silva and Tin\^{o}co, Ilda de F\'{a}tima Ferreira and Zolnier, S\'{e}rgio and Mogami, Cristina Akemi and Damasceno, Fl\'{a}vio Alves and Zeviani, Walmes Marques},
doi = {10.3738/nucleus.v9i2.718},
file = {:home/walmes/.local/share/data/Mendeley Ltd./Mendeley Desktop/Downloaded/Machado et al. - 2012 - Resfriamento da cobertura de avi\'{a}rios e seus efeitos na mortalidade e nos \'{\i}ndices de conforto t\'{e}rmico.pdf:pdf},
issn = {1982-2278},
journal = {Nucleus},
keywords = {bem estar animal,frangos de corte,sistema de resfriamento adiab\'{a}tico},
language = {pt},
month = jan,
number = {2},
title = {{Resfriamento da cobertura de avi\'{a}rios e seus efeitos na mortalidade e nos \'{\i}ndices de conforto t\'{e}rmico}},
url = {http://www.nucleus.feituverava.com.br/index.php/nucleus/article/view/718},
volume = {9},
year = {2012}
}
@article{Paula2012,
author = {Paula, Daniella A. J. and Andrade, Estef\^{a}nia S. and Murgas, Luis D. S. and Felizardo, Viviane O. and Winkaler, Elissandra U. and Zeviani, Walmes and Freitas, Rilke T. F.},
doi = {10.1590/S1679-62252012005000016},
file = {:home/walmes/.local/share/data/Mendeley Ltd./Mendeley Desktop/Downloaded/Paula et al. - 2012 - Vitamin E and reduced glutathione in Prochilodus lineatus (curimba) semen cryopreservation (Characiformes Proch(2).pdf:pdf},
issn = {1679-6225},
journal = {Neotropical Ichthyology},
month = sep,
number = {3},
pages = {661--665},
title = {{Vitamin E and reduced glutathione in Prochilodus lineatus (curimba) semen cryopreservation (Characiformes: Prochilodontidae)}},
url = {http://www.scielo.br/scielo.php?script=sci\_arttext\&pid=S1679-62252012000300020\&lng=pt\&nrm=iso\&tlng=en},
volume = {10},
year = {2012}
}
@article{Serafim2012a,
author = {Serafim, Milson Evaldo and de Lima, Jos\'{e} Maria and Lima, Vico Mendes Pereira and Zeviani, Walmes Marques and Pessoni, Patr\'{\i}cia Terezinha},
doi = {10.1590/S0006-87052012005000006},
file = {:home/walmes/.local/share/data/Mendeley Ltd./Mendeley Desktop/Downloaded/Serafim et al. - 2012 - Altera\c{c}\~{o}es f\'{\i}sico-qu\'{\i}micas e movimenta\c{c}\~{a}o de \'{\i}ons em Latossolo gibbs\'{\i}tico sob doses de gesso.pdf:pdf},
issn = {0006-8705},
journal = {Bragantia},
number = {1},
pages = {75--81},
title = {{Altera\c{c}\~{o}es f\'{\i}sico-qu\'{\i}micas e movimenta\c{c}\~{a}o de \'{\i}ons em Latossolo gibbs\'{\i}tico sob doses de gesso}},
url = {http://www.scielo.br/scielo.php?script=sci\_arttext\&pid=S0006-87052012000100012\&lng=en\&nrm=iso\&tlng=pt},
volume = {71},
year = {2012}
}
@article{Serafim2012,
abstract = {Os solos tropicais, normalmente pobres em pot\'{a}ssio (K), quando cultivados com soja ( Glycine max L.) demandam aduba\c{c}\~{a}o pot\'{a}ssica para obten\c{c}\~{a}o de produtividades satisfat\'{o}rias. Objetivou-se com este trabalho avaliar o efeito de doses de K e n\'{\i}veis de umidade do solo nos componentes de produ\c{c}\~{a}o da soja. O experimento foi realizado em casa de vegeta\c{c}\~{a}o e os tratamentos foram dispostos em um delineamento em blocos casualizados em esquema fatorial (5 x 3), com cinco repeti\c{c}\~{o}es. Um vaso com 5 dm 3 de solo com duas plantas comp\^{o}s a parcela experimental. O primeiro fator correspondeu \`{a}s doses de K (0; 30; 60; 120 e 180 mg dm -3 ) e o segundo fator as faixas de umidade do solo (35 a 40; 47,5 a 52,5; e 60 a 65\% do volume total de poros). Foram avaliados: rendimento de gr\~{a}os, peso de cem gr\~{a}os, n\'{u}mero total de gr\~{a}os por vaso, teor de K no gr\~{a}o, n\'{u}mero de vagens vi\'{a}veis. Houve resposta da soja \`{a} aduba\c{c}\~{a}o pot\'{a}ssica, com aumento do rendimento de gr\~{a}os, massa de cem gr\~{a}os, teor de K no gr\~{a}o e n\'{u}mero de vagens vi\'{a}veis. O total de gr\~{a}os por vaso atingiu valor m\'{a}ximo na combina\c{c}\~{a}o dos limites superiores de cada fator de estudo. O K reduziu os efeitos do d\'{e}fice h\'{\i}drico na cultura da soja.},
address = {Fortaleza},
author = {Serafim, Milson Evaldo and Ono, F\'{a}bio Benedito and Zeviani, Walmes Marques and Novelino, Jos\'{e} Oscar and Silva, Joil Villialva},
file = {:home/walmes/.local/share/data/Mendeley Ltd./Mendeley Desktop/Downloaded/Serafim et al. - 2012 - Umidade do solo e doses de pot\'{a}ssio na cultura da soja.pdf:pdf},
issn = {1806-6690},
journal = {Revista Ci\^{e}ncia Agron\^{o}mica},
keywords = {Aduba\c{c}\~{a}o pot\'{a}ssica,Glycine max,Solo-umidade},
language = {pt},
month = jul,
number = {2},
pages = {222--227},
title = {{Umidade do solo e doses de pot\'{a}ssio na cultura da soja}},
url = {http://ccarevista.ufc.br/seer/index.php/ccarevista/article/view/1454},
volume = {43},
year = {2012}
}
@article{Silva2012a,
author = {Silva, A. M. and Degrande, P. E. and Suekane, R. and Fernandes, M. G. and Zeviani, W. M.},
file = {:home/walmes/.local/share/data/Mendeley Ltd./Mendeley Desktop/Downloaded/Silva et al. - 2012 - Impacto de diferentes n\'{\i}veis de desfolha artificial nos est\'{a}dios fenol\'{o}gicos do algodoeiro(2).pdf:pdf},
issn = {0871-018X},
journal = {Revista de Ci\^{e}ncias Agr\'{a}rias},
keywords = {bolls,cotton,crop growth stage,crop yield,defoliation,leaf area,phenology,productivity,yield losses},
language = {Portuguese},
month = jun,
number = {1},
pages = {163--172},
title = {{Impacto de diferentes n\'{\i}veis de desfolha artificial nos est\'{a}dios fenol\'{o}gicos do algodoeiro}},
url = {http://www.cabdirect.org/abstracts/20123299470.html;jsessionid=CF06663390A3A4463413D3018ECAACD6},
volume = {35},
year = {2012}
}
@article{Souza2012,
abstract = {The combination of gypsum application and soil management may influence soil chemical properties. In this context, the aim of this paper was to evaluate soil chemical properties under two management systems and residual gypsum in soil after 55 months from treatment application. This experiment was developed in FCA/UFGD in Dourados-MS, Brazil under a randomized block design with subdivided plots and four replications. Main plots, subplots and subsubplots consisted of tillage systems (conventional and no tillage), gypsum application and soil depth (0-0,05, 0,05-0,10, 0,10-0,15, 0,15-0,20 and 0,20-0,30 m), respectively. There were no effects of residual gypsum on calcium levels. The combination of no tillage system and residual gypsum increased potassium and sulfur as well as reduced potential acidity. However, residual gypsum increased soil potential acidity in conventional system. No tillage system increased calcium levels in the depths 0-0.05 and 0.05-0.10 m, organic matter down to 0.05 m, sulfur accumulation in the depths 0.05-0.10 and 0.10-0.15 m, sum of bases and base saturation in the depth 0.05-0.10. Conversely, magnesium levels in the depth 0.10-0.15 m, phosphorus from 0.05 to 0.15 m, potential acidity from 0.05 to 0.10 m and ECC in the depth 0.10-0.15 m were decreased. Effects of residual gypsum increased sulfur and base saturation from 0.20 to 0.30 m, but decreased magnesium and phosphorus levels in the depth 0.05-0.10 m. Soil active acidity and potassium levels were decreased in deeper soil layers.},
author = {Souza, F. R. and {Rosa Junior}, E. J. and Fietz, C. R. and Bargamin, A. C. and {Rosa Junior}, Y. B. C. and Zeviani, W. Z.},
doi = {10.5433/7814},
file = {:home/walmes/.local/share/data/Mendeley Ltd./Mendeley Desktop/Downloaded/Souza et al. - 2012 - Efeito do gesso nas propriedades qu\'{\i}micas do solo sob dois sistemas de manejo.pdf:pdf},
issn = {1679-0359},
journal = {Semina: Ci\^{e}ncias Agr\'{a}rias},
keywords = {Gessagem,Gypsum application,No tillage and tillage,Perfil do solo.,Plantio direto e convencional,Soil profile.},
language = {en},
month = oct,
number = {5},
pages = {1717--1732},
title = {{Efeito do gesso nas propriedades qu\'{\i}micas do solo sob dois sistemas de manejo}},
url = {http://www.uel.br/revistas/uel/index.php/semagrarias/article/view/7814},
volume = {33},
year = {2012}
}
@article{Zeviani2012,
author = {Zeviani, Walmes Marques and Silva, Carlos Alberto and Carneiro, Waldete Japiassu Oliveira and Muniz, Joel Augusto},
doi = {10.1590/S0103-84782012001000012},
file = {:home/walmes/.local/share/data/Mendeley Ltd./Mendeley Desktop/Downloaded/Zeviani et al. - 2012 - Modelos n\~{a}o lineares para a libera\c{c}\~{a}o de pot\'{a}ssio de estercos animais em latossolos.pdf:pdf},
issn = {0103-8478},
journal = {Ci\^{e}ncia Rural},
month = oct,
number = {10},
pages = {1789--1796},
title = {{Modelos n\~{a}o lineares para a libera\c{c}\~{a}o de pot\'{a}ssio de estercos animais em latossolos}},
url = {http://www.scielo.br/scielo.php?script=sci\_arttext\&pid=S0103-84782012001000012\&lng=en\&nrm=iso\&tlng=pt},
volume = {42},
year = {2012}
}
@article{Carducci2013,
author = {Carducci, Carla Eloize and de Oliveira, Geraldo C\'{e}sar and Zeviani, Walmes Marques and Lima, Vico Mendes Pereira and Serafim, Milson Evaldo},
doi = {http://dx.doi.org/10.1590/S0100-69162013000200008.},
file = {:home/walmes/.local/share/data/Mendeley Ltd./Mendeley Desktop/Downloaded/Carducci et al. - 2013 - Distribui\c{c}\~{a}o bimodal de poros em solos sob sistema conservacionista de manejo do solo no cultivo cafeeiro.pdf:pdf},
journal = {Engenharia Agr\'{\i}cola},
keywords = {bimodal de poros por,cerrado soils,conservacionista de manejo do,distribui\c{c}\~{a}o bimodal de poros,em solos sob sistema,este trabalho teve por,mathematical modeling,meio da,objetivo detalhar a distribui\c{c}\~{a}o,psychrometer,resumo,solo no cultivo cafeeiro},
number = {2},
pages = {291--302},
title = {{Distribui\c{c}\~{a}o bimodal de poros em solos sob sistema conservacionista de manejo do solo no cultivo cafeeiro}},
url = {http://www.scielo.br/scielo.php?script=sci\_abstract\&pid=S0100-69162013000200008\&lng=pt\&nrm=iso\&tlng=pt},
volume = {33},
year = {2013}
}
@article{Serafim2013,
author = {Serafim, Milson E and Oliveira, Geraldo C De and de Lima, Jos\'{e} Maria and Silva, Bruno M and Zeviani, Walmes M and Lima, Vico M P},
file = {:home/walmes/.local/share/data/Mendeley Ltd./Mendeley Desktop/Downloaded/Serafim et al. - 2013 - Disponibilidade h\'{\i}drica e distin\c{c}\~{a}o de ambientes para cultivo de cafeeiros(2).pdf:pdf},
journal = {Revista Brasileira de Engenharia Agr\'{\i}cola e Ambiental},
keywords = {200-000,3221-2600,65,78,av,bairro distrito industrial,br,campus c\'{a}ceres,cas,cep,ci\^{e}ncia e tecnologia de,conservation management,cultural profile,c\'{a}ceres,dos ramires,e-mail,edu,fone,ifmt,instituto federal de educa\c{c}\~{a}o,mato grosso,milson,mt,n,ramal 2667,root system,s,serafim,water availability},
number = {4},
pages = {362--370},
title = {{Disponibilidade h\'{\i}drica e distin\c{c}\~{a}o de ambientes para cultivo de cafeeiros}},
volume = {17},
year = {2013}
}
@article{Centurion2014,
author = {Centuri\'{o}n, R. A. O. and Caldara, F. R. and Moi, M. and {Almeida Paz}, I. C. L. and Garcia, R. G. and N\"{a}\"{a}s, I. A. and Alves, M. C. F. and Zeviani, W. M. and Seno, L. O.},
file = {:home/walmes/.local/share/data/Mendeley Ltd./Mendeley Desktop/Downloaded/Centuri\'{o}n et al. - 2014 - Ambiente t\'{e}rmico y bienestar de los cerdos en el per\'{\i}odo de descanso previo al sacrificio.pdf:pdf},
journal = {Archivos de Zootecnia},
pages = {1--11},
title = {{Ambiente t\'{e}rmico y bienestar de los cerdos en el per\'{\i}odo de descanso previo al sacrificio}},
volume = {63},
year = {2014}
}
@article{DaSilva2014,
author = {da Silva, a. C. and de Souza, P. E. and de Resende, M. L. V. and da Silva, M. B. and Ribeiro, P. M. and Zeviani, W. M.},
doi = {10.1111/efp.12079},
editor = {Zhou, D.},
file = {:home/walmes/.local/share/data/Mendeley Ltd./Mendeley Desktop/Downloaded/da Silva et al. - 2014 - Local and systemic control of powdery mildew in eucalyptus using essential oils and decoctions from traditional.pdf:pdf},
issn = {14374781},
journal = {Forest Pathology},
month = apr,
number = {2},
pages = {145--153},
title = {{Local and systemic control of powdery mildew in eucalyptus using essential oils and decoctions from traditional Brazilian medicinal plants}},
url = {http://doi.wiley.com/10.1111/efp.12079},
volume = {44},
year = {2014}
}
@incollection{Lichtemberg2014,
author = {Lichtemberg, P.S.F. and Michailides, T.J. and Morales, R.G.F. and Zeviani, W.M. and {May De Mio}, L.L.},
booktitle = {Modern fungicides and antifungal compounds},
editor = {Dehne, H. W. and Deising, H. B. and Fraaije, B. and Gisi, U. and Hermann, D. and Mehl, A. and Oerke, E. C. and Russell, P. E. and Stammler, G. and Kuck, K. H. and Lyr, H.},
pages = {173--178},
title = {{Shift in $\backslash$emph\{Monilinia fructicola\} sensitivity to tebuconazole fungicide, and resistant isolate survey in southern Brazil}},
volume = {3},
year = {2014}
}
@article{Lichtemberg2014,
author = {Lichtemberg, Paulo S. F. and Silva, Francin\'{e}ia a. and Zeviani, Walmes M. and {May De Mio}, Louise L.},
doi = {10.1080/07060661.2013.864710},
file = {:home/walmes/.local/share/data/Mendeley Ltd./Mendeley Desktop/Downloaded/Lichtemberg et al. - 2014 - Comparison of macro-morphological and physiological methods for Monilinia species identification in Paran\'{a}.pdf:pdf},
issn = {0706-0661},
journal = {Canadian Journal of Plant Pathology},
keywords = {M. fructicola,M. fructigena,M. laxa,brown rot disease,species identification,stone fruits},
month = mar,
number = {00},
pages = {1--10},
publisher = {Taylor \& Francis},
title = {{Comparison of macro-morphological and physiological methods for Monilinia species identification in Paran\'{a} State, Brazil}},
url = {http://www.tandfonline.com/doi/abs/10.1080/07060661.2013.864710},
volume = {00},
year = {2014}
}
@article{Rozwalka2014,
author = {Rozwalka, Luciane C. and Alves, Eduardo and Zeviani, Walmes M. and Nunes, Cleiton A. and Botelho, Lucimara N. S.},
file = {:home/walmes/.local/share/data/Mendeley Ltd./Mendeley Desktop/Downloaded/Rozwalka et al. - 2014 - (prelo) Essential oils on control of Colletotrichum gloeosporioides and Colletotrichum musae antifungal activit.doc:doc},
title = {{(prelo) Essential oils on control of Colletotrichum gloeosporioides and Colletotrichum musae: antifungal activity and chemical composition}},
year = {2014}
}
@article{Zeviani2014,
abstract = {Event counts are response variables with non-negative integer values representing the number of times that an event occurs within a fixed domain such as a time interval, a geographical area or a cell of a contingency table. Analysis of counts by Gaussian regression models ignores the discreteness, asymmetry and heteroscedasticity and is inefficient, providing unrealistic standard errors or possibly negative predictions of the expected number of events. The Poisson regression is the standard model for count data with underlying assumptions on the generating process which may be implausible in many applications. Statisticians have long recognized the limitation of imposing equidispersion under the Poisson regression model. A typical situation is when the conditional variance exceeds the conditional mean, in which case models allowing for overdispersion are routinely used. Less reported is the case of underdispersion with fewer modeling alternatives and assessments available in the literature. One of such alternatives, the Gamma-count model, is adopted here in the analysis of an agronomic experiment designed to investigate the effect of levels of defoliation on different phenological states upon the number of cotton bolls. Data set and code for analysis are available as online supplements. Results show improvements over the Poisson model and the semi-parametric quasi-Poisson model in capturing the observed variability in the data. Estimating rather than assuming the underlying variance process leads to important insights into the process. Event counts are response variables with non-negative integer values representing the number of times that an event occurs within a fixed domain such as a time interval, a geographical area or a cell of a contingency table. Analysis of counts by Gaussian regression models ignores the discreteness, asymmetry and heteroscedasticity and is inefficient, providing unrealistic standard errors or possibly negative predictions of the expected number of events. The Poisson regression is the standard model for count data with underlying assumptions on the generating process which may be implausible in many applications. Statisticians have long recognized the limitation of imposing equidispersion under the Poisson regression model. A typical situation is when the conditional variance exceeds the conditional mean, in which case models allowing for overdispersion are routinely used. Less reported is the case of underdispersion with fewer modeling alternatives and assessments available in the literature. One of such alternatives, the Gamma-count model, is adopted here in the analysis of an agronomic experiment designed to investigate the effect of levels of defoliation on different phenological states upon the number of cotton bolls. Data set and code for analysis are available as online supplements. Results show improvements over the Poisson model and the semi-parametric quasi-Poisson model in capturing the observed variability in the data. Estimating rather than assuming the underlying variance process leads to important insights into the process.},
author = {Zeviani, Walmes Marques and Ribeiro, Paulo Justiniano and Bonat, Wagner Hugo and Shimakura, Silvia Emiko and Muniz, Joel Augusto},
doi = {10.1080/02664763.2014.922168},
file = {:home/walmes/.local/share/data/Mendeley Ltd./Mendeley Desktop/Downloaded/Zeviani et al. - 2014 - The Gamma-count distribution in the analysis of experimental underdispersed data.pdf:pdf},
issn = {0266-4763},
journal = {Journal of Applied Statistics},
month = jun,
number = {12},
pages = {1--11},
publisher = {Taylor \& Francis},
title = {{The Gamma-count distribution in the analysis of experimental underdispersed data}},
url = {http://dx.doi.org/10.1080/02664763.2014.922168},
volume = {41},
year = {2014}
}
